%YAML 1.1
%TAG !u! tag:unity3d.com,2011:
--- !u!1 &5150230382277422270
GameObject:
  m_ObjectHideFlags: 0
  m_CorrespondingSourceObject: {fileID: 0}
  m_PrefabInstance: {fileID: 0}
  m_PrefabAsset: {fileID: 0}
  serializedVersion: 6
  m_Component:
  - component: {fileID: 7377609327415665947}
  m_Layer: 0
  m_Name: BulletSocket
  m_TagString: Untagged
  m_Icon: {fileID: 0}
  m_NavMeshLayer: 0
  m_StaticEditorFlags: 0
  m_IsActive: 1
--- !u!4 &7377609327415665947
Transform:
  m_ObjectHideFlags: 0
  m_CorrespondingSourceObject: {fileID: 0}
  m_PrefabInstance: {fileID: 0}
  m_PrefabAsset: {fileID: 0}
  m_GameObject: {fileID: 5150230382277422270}
  m_LocalRotation: {x: 0, y: 0, z: 0, w: 1}
  m_LocalPosition: {x: 0, y: 0, z: 0}
  m_LocalScale: {x: 1, y: 1, z: 1}
  m_Children:
  - {fileID: 3534285759267862329}
  m_Father: {fileID: 910385230159911244}
  m_RootOrder: 1
  m_LocalEulerAnglesHint: {x: 0, y: 0, z: 0}
--- !u!1 &8516004964963129080
GameObject:
  m_ObjectHideFlags: 0
  m_CorrespondingSourceObject: {fileID: 0}
  m_PrefabInstance: {fileID: 0}
  m_PrefabAsset: {fileID: 0}
  serializedVersion: 6
  m_Component:
  - component: {fileID: 910385230159911244}
  - component: {fileID: 2104617413360709610}
  - component: {fileID: 4346940189959973764}
  - component: {fileID: 56695353161631964}
  m_Layer: 0
  m_Name: Actor
  m_TagString: Untagged
  m_Icon: {fileID: 0}
  m_NavMeshLayer: 0
  m_StaticEditorFlags: 0
  m_IsActive: 1
--- !u!4 &910385230159911244
Transform:
  m_ObjectHideFlags: 0
  m_CorrespondingSourceObject: {fileID: 0}
  m_PrefabInstance: {fileID: 0}
  m_PrefabAsset: {fileID: 0}
  m_GameObject: {fileID: 8516004964963129080}
  m_LocalRotation: {x: 0, y: 0, z: 0, w: 1}
  m_LocalPosition: {x: 0, y: 0, z: -1}
  m_LocalScale: {x: 0.1, y: 0.1, z: 0.1}
  m_Children:
  - {fileID: 1357548940279493325}
  - {fileID: 7377609327415665947}
  m_Father: {fileID: 0}
  m_RootOrder: 0
  m_LocalEulerAnglesHint: {x: 0, y: 0, z: 0}
--- !u!212 &2104617413360709610
SpriteRenderer:
  m_ObjectHideFlags: 0
  m_CorrespondingSourceObject: {fileID: 0}
  m_PrefabInstance: {fileID: 0}
  m_PrefabAsset: {fileID: 0}
  m_GameObject: {fileID: 8516004964963129080}
  m_Enabled: 1
  m_CastShadows: 0
  m_ReceiveShadows: 0
  m_DynamicOccludee: 1
  m_MotionVectors: 1
  m_LightProbeUsage: 1
  m_ReflectionProbeUsage: 1
  m_RayTracingMode: 0
  m_RayTraceProcedural: 0
  m_RenderingLayerMask: 1
  m_RendererPriority: 0
  m_Materials:
  - {fileID: 10754, guid: 0000000000000000f000000000000000, type: 0}
  m_StaticBatchInfo:
    firstSubMesh: 0
    subMeshCount: 0
  m_StaticBatchRoot: {fileID: 0}
  m_ProbeAnchor: {fileID: 0}
  m_LightProbeVolumeOverride: {fileID: 0}
  m_ScaleInLightmap: 1
  m_ReceiveGI: 1
  m_PreserveUVs: 0
  m_IgnoreNormalsForChartDetection: 0
  m_ImportantGI: 0
  m_StitchLightmapSeams: 1
  m_SelectedEditorRenderState: 0
  m_MinimumChartSize: 4
  m_AutoUVMaxDistance: 0.5
  m_AutoUVMaxAngle: 89
  m_LightmapParameters: {fileID: 0}
  m_SortingLayerID: 0
  m_SortingLayer: 0
  m_SortingOrder: 20
  m_Sprite: {fileID: 21300000, guid: db8c17d73435c334d9dab0c9b7fe6189, type: 3}
  m_Color: {r: 1, g: 1, b: 1, a: 1}
  m_FlipX: 0
  m_FlipY: 0
  m_DrawMode: 0
  m_Size: {x: 10.24, y: 10.24}
  m_AdaptiveModeThreshold: 0.5
  m_SpriteTileMode: 0
  m_WasSpriteAssigned: 1
  m_MaskInteraction: 0
  m_SpriteSortPoint: 0
--- !u!61 &4346940189959973764
BoxCollider2D:
  m_ObjectHideFlags: 0
  m_CorrespondingSourceObject: {fileID: 0}
  m_PrefabInstance: {fileID: 0}
  m_PrefabAsset: {fileID: 0}
  m_GameObject: {fileID: 8516004964963129080}
  m_Enabled: 1
  m_Density: 1
  m_Material: {fileID: 0}
  m_IsTrigger: 1
  m_UsedByEffector: 0
  m_UsedByComposite: 0
  m_Offset: {x: 0, y: 0}
  m_SpriteTilingProperty:
    border: {x: 0, y: 0, z: 0, w: 0}
    pivot: {x: 0.5, y: 0.5}
    oldSize: {x: 10.24, y: 10.24}
    newSize: {x: 10.24, y: 10.24}
    adaptiveTilingThreshold: 0.5
    drawMode: 0
    adaptiveTiling: 0
  m_AutoTiling: 0
  serializedVersion: 2
  m_Size: {x: 10.24, y: 10.24}
  m_EdgeRadius: 0
--- !u!50 &56695353161631964
Rigidbody2D:
  serializedVersion: 4
  m_ObjectHideFlags: 0
  m_CorrespondingSourceObject: {fileID: 0}
  m_PrefabInstance: {fileID: 0}
  m_PrefabAsset: {fileID: 0}
  m_GameObject: {fileID: 8516004964963129080}
  m_BodyType: 1
  m_Simulated: 1
  m_UseFullKinematicContacts: 0
  m_UseAutoMass: 0
  m_Mass: 0.0001
  m_LinearDrag: 0
  m_AngularDrag: 0.05
  m_GravityScale: 0
  m_Material: {fileID: 0}
  m_Interpolate: 0
  m_SleepingMode: 1
  m_CollisionDetection: 0
  m_Constraints: 0
--- !u!1001 &6114080008512911396
PrefabInstance:
  m_ObjectHideFlags: 0
  serializedVersion: 2
  m_Modification:
    m_TransformParent: {fileID: 7377609327415665947}
    m_Modifications:
    - target: {fileID: 7338014656350080797, guid: 4627e459b670c24429d956ec27d9fa67, type: 3}
      propertyPath: m_LocalPosition.x
      value: 0
      objectReference: {fileID: 0}
    - target: {fileID: 7338014656350080797, guid: 4627e459b670c24429d956ec27d9fa67, type: 3}
      propertyPath: m_LocalPosition.y
      value: 0
      objectReference: {fileID: 0}
    - target: {fileID: 7338014656350080797, guid: 4627e459b670c24429d956ec27d9fa67, type: 3}
      propertyPath: m_LocalPosition.z
      value: 0
      objectReference: {fileID: 0}
    - target: {fileID: 7338014656350080797, guid: 4627e459b670c24429d956ec27d9fa67, type: 3}
      propertyPath: m_LocalRotation.x
      value: 0
      objectReference: {fileID: 0}
    - target: {fileID: 7338014656350080797, guid: 4627e459b670c24429d956ec27d9fa67, type: 3}
      propertyPath: m_LocalRotation.y
      value: 0
      objectReference: {fileID: 0}
    - target: {fileID: 7338014656350080797, guid: 4627e459b670c24429d956ec27d9fa67, type: 3}
      propertyPath: m_LocalRotation.z
      value: 0
      objectReference: {fileID: 0}
    - target: {fileID: 7338014656350080797, guid: 4627e459b670c24429d956ec27d9fa67, type: 3}
      propertyPath: m_LocalRotation.w
      value: 1
      objectReference: {fileID: 0}
    - target: {fileID: 7338014656350080797, guid: 4627e459b670c24429d956ec27d9fa67, type: 3}
      propertyPath: m_RootOrder
      value: 0
      objectReference: {fileID: 0}
    - target: {fileID: 7338014656350080797, guid: 4627e459b670c24429d956ec27d9fa67, type: 3}
      propertyPath: m_LocalEulerAnglesHint.x
      value: 0
      objectReference: {fileID: 0}
    - target: {fileID: 7338014656350080797, guid: 4627e459b670c24429d956ec27d9fa67, type: 3}
      propertyPath: m_LocalEulerAnglesHint.y
      value: 0
      objectReference: {fileID: 0}
    - target: {fileID: 7338014656350080797, guid: 4627e459b670c24429d956ec27d9fa67, type: 3}
      propertyPath: m_LocalEulerAnglesHint.z
      value: 0
      objectReference: {fileID: 0}
    - target: {fileID: 8121598979304698839, guid: 4627e459b670c24429d956ec27d9fa67, type: 3}
      propertyPath: m_Name
      value: Bullet
      objectReference: {fileID: 0}
    m_RemovedComponents: []
  m_SourcePrefab: {fileID: 100100000, guid: 4627e459b670c24429d956ec27d9fa67, type: 3}
--- !u!4 &3534285759267862329 stripped
Transform:
  m_CorrespondingSourceObject: {fileID: 7338014656350080797, guid: 4627e459b670c24429d956ec27d9fa67, type: 3}
  m_PrefabInstance: {fileID: 6114080008512911396}
  m_PrefabAsset: {fileID: 0}
--- !u!1001 &8630604969538693657
PrefabInstance:
  m_ObjectHideFlags: 0
  serializedVersion: 2
  m_Modification:
    m_TransformParent: {fileID: 910385230159911244}
    m_Modifications:
    - target: {fileID: 4031703828684201775, guid: bd3e20eaea8a0194f8d7999302511e4c, type: 3}
      propertyPath: InitialModule.startColor.minColor.r
      value: 0.49411768
      objectReference: {fileID: 0}
    - target: {fileID: 4031703828684201775, guid: bd3e20eaea8a0194f8d7999302511e4c, type: 3}
      propertyPath: InitialModule.startColor.minColor.g
      value: 0.8000001
      objectReference: {fileID: 0}
    - target: {fileID: 4031703828684201775, guid: bd3e20eaea8a0194f8d7999302511e4c, type: 3}
      propertyPath: InitialModule.startColor.minColor.b
      value: 0.8705883
      objectReference: {fileID: 0}
    - target: {fileID: 7282578912369055956, guid: bd3e20eaea8a0194f8d7999302511e4c, type: 3}
      propertyPath: m_LocalPosition.x
      value: 0
      objectReference: {fileID: 0}
    - target: {fileID: 7282578912369055956, guid: bd3e20eaea8a0194f8d7999302511e4c, type: 3}
      propertyPath: m_LocalPosition.y
      value: 0
      objectReference: {fileID: 0}
    - target: {fileID: 7282578912369055956, guid: bd3e20eaea8a0194f8d7999302511e4c, type: 3}
      propertyPath: m_LocalPosition.z
      value: 0
      objectReference: {fileID: 0}
    - target: {fileID: 7282578912369055956, guid: bd3e20eaea8a0194f8d7999302511e4c, type: 3}
      propertyPath: m_LocalRotation.x
      value: -1
      objectReference: {fileID: 0}
    - target: {fileID: 7282578912369055956, guid: bd3e20eaea8a0194f8d7999302511e4c, type: 3}
      propertyPath: m_LocalRotation.y
      value: -0
      objectReference: {fileID: 0}
    - target: {fileID: 7282578912369055956, guid: bd3e20eaea8a0194f8d7999302511e4c, type: 3}
      propertyPath: m_LocalRotation.z
      value: -0
      objectReference: {fileID: 0}
    - target: {fileID: 7282578912369055956, guid: bd3e20eaea8a0194f8d7999302511e4c, type: 3}
      propertyPath: m_LocalRotation.w
      value: 0.0000005066394
      objectReference: {fileID: 0}
    - target: {fileID: 7282578912369055956, guid: bd3e20eaea8a0194f8d7999302511e4c, type: 3}
      propertyPath: m_RootOrder
      value: 0
      objectReference: {fileID: 0}
    - target: {fileID: 7282578912369055956, guid: bd3e20eaea8a0194f8d7999302511e4c, type: 3}
      propertyPath: m_LocalEulerAnglesHint.x
      value: -180
      objectReference: {fileID: 0}
    - target: {fileID: 7282578912369055956, guid: bd3e20eaea8a0194f8d7999302511e4c, type: 3}
      propertyPath: m_LocalEulerAnglesHint.y
      value: 0
      objectReference: {fileID: 0}
    - target: {fileID: 7282578912369055956, guid: bd3e20eaea8a0194f8d7999302511e4c, type: 3}
      propertyPath: m_LocalEulerAnglesHint.z
      value: 0
      objectReference: {fileID: 0}
    - target: {fileID: 7607685425531513957, guid: bd3e20eaea8a0194f8d7999302511e4c, type: 3}
      propertyPath: m_Materials.Array.size
      value: 2
      objectReference: {fileID: 0}
    - target: {fileID: 7607685425531513957, guid: bd3e20eaea8a0194f8d7999302511e4c, type: 3}
      propertyPath: m_Materials.Array.data[0]
      value: 
      objectReference: {fileID: 10754, guid: 0000000000000000f000000000000000, type: 0}
    - target: {fileID: 7607685425531513957, guid: bd3e20eaea8a0194f8d7999302511e4c, type: 3}
      propertyPath: m_RenderMode
      value: 0
      objectReference: {fileID: 0}
    - target: {fileID: 7607685425531513957, guid: bd3e20eaea8a0194f8d7999302511e4c, type: 3}
      propertyPath: m_RenderAlignment
      value: 0
      objectReference: {fileID: 0}
    - target: {fileID: 7607685425531513957, guid: bd3e20eaea8a0194f8d7999302511e4c, type: 3}
      propertyPath: m_AllowRoll
      value: 1
      objectReference: {fileID: 0}
    - target: {fileID: 7607685425531513957, guid: bd3e20eaea8a0194f8d7999302511e4c, type: 3}
      propertyPath: m_Flip.y
      value: 1
      objectReference: {fileID: 0}
    - target: {fileID: 7607685425531513957, guid: bd3e20eaea8a0194f8d7999302511e4c, type: 3}
      propertyPath: m_Flip.x
      value: 1
      objectReference: {fileID: 0}
    - target: {fileID: 7607685425531513957, guid: bd3e20eaea8a0194f8d7999302511e4c, type: 3}
      propertyPath: m_Flip.z
      value: 1
      objectReference: {fileID: 0}
    - target: {fileID: 7607685425531513957, guid: bd3e20eaea8a0194f8d7999302511e4c, type: 3}
      propertyPath: m_Materials.Array.data[1]
      value: 
      objectReference: {fileID: 10754, guid: 0000000000000000f000000000000000, type: 0}
    - target: {fileID: 8229002542511222977, guid: bd3e20eaea8a0194f8d7999302511e4c, type: 3}
      propertyPath: m_Name
      value: ExplosionParticle
      objectReference: {fileID: 0}
    m_RemovedComponents: []
  m_SourcePrefab: {fileID: 100100000, guid: bd3e20eaea8a0194f8d7999302511e4c, type: 3}
--- !u!4 &1357548940279493325 stripped
Transform:
  m_CorrespondingSourceObject: {fileID: 7282578912369055956, guid: bd3e20eaea8a0194f8d7999302511e4c, type: 3}
  m_PrefabInstance: {fileID: 8630604969538693657}
  m_PrefabAsset: {fileID: 0}
